<record><leader>00000cas a2200000 a 4500</leader><controlfield tag="001">11794014</controlfield><controlfield tag="008">850312d18811882ksuwr ne      0   a0eng d</controlfield><datafield ind1=" " ind2=" " tag="010"><subfield code="a">sn 85029132 </subfield></datafield><datafield ind1=" " ind2=" " tag="040"><subfield code="a">KSH</subfield><subfield code="b">eng</subfield><subfield code="c">KSH</subfield><subfield code="d">NPT</subfield><subfield code="d">OCL</subfield><subfield code="d">OCLCQ</subfield></datafield><datafield ind1=" " ind2=" " tag="042"><subfield code="a">msc</subfield></datafield><datafield ind1="0" ind2=" " tag="130"><subfield code="a">Anti-monopolist (Rubens, Kan.)</subfield></datafield><datafield ind1="1" ind2="0" tag="245"><subfield code="a">Anti-monopolist.</subfield></datafield><datafield ind1=" " ind2=" " tag="260"><subfield code="a">Rubens, Kan. :</subfield><subfield code="b">Wilkes Moore &amp; Co.</subfield></datafield><datafield ind1=" " ind2=" " tag="300"><subfield code="a">v. ;</subfield><subfield code="c">51 cm.</subfield></datafield><datafield ind1=" " ind2=" " tag="310"><subfield code="a">Weekly</subfield></datafield><datafield ind1="1" ind2=" " tag="362"><subfield code="a">Began in 1881.</subfield><subfield code="z">Cf. Rowell, 1882.</subfield></datafield><datafield ind1="1" ind2=" " tag="362"><subfield code="a">Ceased in 1882.</subfield></datafield><datafield ind1=" " ind2=" " tag="580"><subfield code="a">Continues: Southwestern chronicle (non-extant).</subfield></datafield><datafield ind1=" " ind2=" " tag="752"><subfield code="a">United States</subfield><subfield code="b">Kansas</subfield><subfield code="c">Jewell</subfield><subfield code="d">Rubens.</subfield></datafield><datafield ind1="1" ind2="0" tag="780"><subfield code="t">Southwestern chronicle</subfield></datafield><datafield ind1="0" ind2="0" tag="785"><subfield code="t">Jewell County chronicle</subfield><subfield code="w">(DLC)sn 85029951</subfield></datafield></record>